<?xml version="1.0" encoding="UTF-8"?><collection xmlns="http://www.loc.gov/MARC21/slim"><record><leader>00436nam--2200121-i-4500</leader><controlfield tag="001">000024209</controlfield><controlfield tag="002">20161230</controlfield><controlfield tag="005">20161230201035</controlfield><controlfield tag="008">060222s1000------------r-----000-0-eng-d</controlfield><datafield ind1=" " ind2=" " tag="080"><subfield code="a">621.039:621.301.2(061.3)</subfield></datafield><datafield ind1=" " ind2=" " tag="245"><subfield code="a">International conference on nuclear power experience, vienna, 13-17 september 1982: (iaea-cn-42): - nuclear fuel cycle chairman: documents: nr.20, 21, 24, 25, 155, 327, 427</subfield></datafield><datafield ind1=" " ind2=" " tag="260"><subfield code="a">Vienna, Iaea, 1982</subfield></datafield><datafield ind1=" " ind2=" " tag="852"><subfield code="a">70759</subfield></datafield></record></collection>